%% This BibTeX bibliography file was created using BibDesk.
%% http://bibdesk.sourceforge.net/

%% Created for Pui Shan Leung at 2017-11-12 18:45:47 +0800 


%% Saved with string encoding Unicode (UTF-8) 



@article{grundy2016formation,
	Author = {Grundy, WM and Cruikshank, DP and Gladstone, GR and Howett, CJA and Lauer, TR and Spencer, JR and Summers, ME and Buie, MW and Earle, AM and Ennico, K and others},
	Date-Added = {2017-11-12 10:45:31 +0000},
	Date-Modified = {2017-11-12 10:45:31 +0000},
	Journal = {Nature},
	Number = {7627},
	Pages = {65--68},
	Publisher = {Nature Research},
	Title = {The formation of Charon's red poles from seasonally cold-trapped volatiles},
	Volume = {539},
	Year = {2016}}

@article{kim,
  title={on the formation of amines (RNH2) and the cyanide anion (CN--) in electron-irradiated ammonia-hydrocarbon interstellar model ices},
  author={Kim, YS and Kaiser, RI},
  journal={The Astrophysical Journal},
  volume={729},
  number={1},
  pages={68},
  year={2011},
  publisher={IOP Publishing}
}

@article{imanaka2004laboratory,
  title={Laboratory experiments of Titan tholin formed in cold plasma at various pressures: implications for nitrogen-containing polycyclic aromatic compounds in Titan haze},
  author={Imanaka, Hiroshi and Khare, Bishun N and Elsila, Jamie E and Bakes, Emma LO and McKay, Christopher P and Cruikshank, Dale P and Sugita, Seiji and Matsui, Takafumi and Zare, Richard N},
  journal={Icarus},
  volume={168},
  number={2},
  pages={344--366},
  year={2004},
  publisher={Elsevier}
}

@article{d1986time,
  title={Time dependent chemistry in dense molecular clouds. III-Infrared band cross sections of molecules in the solid state at 10 K},
  author={d'Hendecourt, LB and Allamandola, LJz},
  journal={Astronomy and Astrophysics Supplement Series},
  volume={64},
  pages={453--467},
  year={1986}
}


@article{richey2012near,
  title={Near-Infrared Band Strengths of Molecules Diluted in N2 and H2O Ice Mixtures Relevant to Interstellar and Planetary Ices},
  author={Richey, Christina Rae and Gerakines, PA},
  journal={The Astrophysical Journal},
  volume={759},
  number={1},
  pages={74},
  year={2012},
  publisher={IOP Publishing}
}

@article{borget2012aminoacetonitrile,
  title={Aminoacetonitrile characterization in astrophysical-like conditions},
  author={Borget, Fabien and Danger, Gr{\'e}goire and Duvernay, Fabrice and Chomat, Marion and Vinogradoff, Vassilissa and Theul{\'e}, Patrice and Chiavassa, Thierry},
  journal={Astronomy \& Astrophysics},
  volume={541},
  pages={A114},
  year={2012},
  publisher={EDP Sciences}
}

@article{noble2012thermal,
  title={The thermal reactivity of HCN and NH3 in interstellar ice analogues},
  author={Noble, Jennifer A and Theule, Patrice and Borget, Fabien and Danger, Gr{\'e}goire and Chomat, Marion and Duvernay, Fabrice and Mispelaer, Florent and Chiavassa, Thierry},
  journal={Monthly Notices of the Royal Astronomical Society},
  volume={428},
  number={4},
  pages={3262--3273},
  year={2012},
  publisher={The Royal Astronomical Society}
}

@article{moore1998infrared,
  title={Infrared study of ion-irradiated water-ice mixtures with hydrocarbons relevant to comets},
  author={Moore, MH and Hudson, RL},
  journal={Icarus},
  volume={135},
  number={2},
  pages={518--527},
  year={1998},
  publisher={Elsevier}
}

@article{bennett2006laboratory,
  title={Laboratory studies on the irradiation of methane in interstellar, cometary, and solar system ices},
  author={Bennett, Chris J and Jamieson, Corey S and Osamura, Yoshihiro and Kaiser, Ralf I},
  journal={The Astrophysical Journal},
  volume={653},
  number={1},
  pages={792},
  year={2006},
  publisher={IOP Publishing}
}