@article{dilution_A_value,
  author={C. R. Richey and P. A. Gerakines},
  title={Near-infrared Band Strengths of Molecules Diluted in N2 and H2O Ice Mixtures Relevant to Interstellar and Planetary Ices},
  journal={The Astrophysical Journal},
  volume={759},
  number={1},
  pages={74},
  url={http://stacks.iop.org/0004-637X/759/i=1/a=74},
  year={2012},
  
  
@article{GrundyNature,
	Author = {Grundy, W. M. and Cruikshank, D. P. and Gladstone, G. R. and Howett, C. J. A. and Lauer, T. R. and Spencer, J. R. and Summers, M. E. and Buie, M. W. and Earle, A. M. and Ennico, K. and Parker, J. Wm. and Porter, S. B. and Singer, K. N. and Stern, S. A. and Verbiscer, A. J. and Beyer, R. A. and Binzel, R. P. and Buratti, B. J. and Cook, J. C. and Dalle Ore, C. M. and Olkin, C. B. and Parker, A. H. and Protopapa, S. and Quirico, E. and Retherford, K. D. and Robbins, S. J. and Schmitt, B. and Stansberry, J. A. and Umurhan, O. M. and Weaver, H. A. and Young, L. A. and Zangari, A. M. and Bray, V. J. and Cheng, A. F. and McKinnon, W. B. and McNutt, R. L. and Moore, J. M. and Nimmo, F. and Reuter, D. C. and Schenk, P. M. and the New Horizons Science Team},
	Date = {2016/09/14/online},
	Date-Added = {2017-11-12 08:45:50 +0000},
	Date-Modified = {2017-11-12 08:46:42 +0000},
	Day = {14},
	Journal = {Nature},
	L3 = {10.1038/nature19340; },
	Month = {09},
	Pages = {65 EP  -},
	Publisher = {Macmillan Publishers Limited, part of Springer Nature. All rights reserved. SN  -},
	Title = {The formation of Charon's red poles from seasonally cold-trapped volatiles},
	Ty = {JOUR},
	Url = {http://dx.doi.org/10.1038/nature19340},
	Volume = {539},
	Year = {2016},
	Bdsk-Url-1 = {http://dx.doi.org/10.1038/nature19340}}
